<?xml version="1.0" encoding="UTF-8"?><collection xmlns="http://www.loc.gov/MARC21/slim"><record><leader>00355nam--2200121-i-4500</leader><controlfield tag="001">000029955</controlfield><controlfield tag="002">20161230</controlfield><controlfield tag="005">20161230201038</controlfield><controlfield tag="008">060222s1000------------r-----000-0-eng-d</controlfield><datafield ind1=" " ind2=" " tag="100"><subfield code="a">Kutko, P.S., Vasiliev, V.S</subfield></datafield><datafield ind1=" " ind2=" " tag="245"><subfield code="a">Masini si dispozitive pentru echilibrare dinamica.traducere din l.rusa</subfield></datafield><datafield ind1=" " ind2=" " tag="260"><subfield code="a">Bucuresti, Editura Tehnica, 1961. 175p</subfield></datafield><datafield ind1=" " ind2=" " tag="852"><subfield code="a">7739</subfield></datafield></record></collection>